@inproceedings{jimenez2014deploying,
  title={Deploying PaaS for accelerating cloud uptake in the Guifi community network},
  author={Jimenez, Joaquin and Escrich, Pau and Baig, Roger and Freitag, Felix and Navarro, Leandro},
  booktitle={Cloud Engineering (IC2E), 2014 IEEE International Conference on},
  pages={623--626},
  year={2014},
  organization={IEEE}
}


@article{baker2010next,
	title={Next-generation sequencing: adjusting to data overload},
	author={Baker, Monya},
	journal={nature methods},
	volume={7},
	number={7},
	pages={495--499},
	year={2010},
	publisher={Nature Publishing Group}
}
@article{marx2013biology,
	title={Biology: The big challenges of big data},
	author={Marx, Vivien},
	journal={Nature},
	volume={498},
	number={7453},
	pages={255--260},
	year={2013},
	publisher={Nature Publishing Group}
}

@article{krampis2012cloud,
	title={Cloud BioLinux: pre-configured and on-demand bioinformatics computing for the genomics community},
	author={Krampis, Konstantinos and Booth, Tim and Chapman, Brad and Tiwari, Bela and Bicak, Mesude and Field, Dawn and Nelson, Karen E},
	journal={BMC bioinformatics},
	volume={13},
	number={1},
	pages={42},
	year={2012},
	publisher={BioMed Central Ltd}
}

@inproceedings{dua2014virtualization,
  title={Virtualization vs Containerization to support PaaS},
  author={Dua, Rajdeep and Kakadia, Dharmesh and others},
  booktitle={Cloud Engineering (IC2E), 2014 IEEE International Conference on},
  pages={610--614},
  year={2014},
  organization={IEEE}
}

@article{fink2014docker,
  title={Docker: a Software as a Service, Operating System-Level Virtualization Framework},
  author={Fink, John},
  journal={Code4Lib Journal},
  volume={25},
  year={2014}
}
